@misc{website:photodoto,
      author = "Nancy Young",
      title = "How to Make Instagram Filters in Photoshop: Nashville and 1997",
      month = "August",
      year = "2014",
      howpublished = "\url{http://photodoto.com/instagram-filters-in-photoshop-nashville-1997/}"
},
@misc{website:levels,
      key = "Photoshop Levels Adjustment",
      author = "",
      title = "Photoshop Help / Levels adjustment",
      month = "",
      year = "",
      howpublished = "\url{https://helpx.adobe.com/photoshop/using/levels-adjustment.html}"
},
@misc{website:colors,
      key = "Photoshop Color Adjustment",
      author = "",
      title = "Photoshop Help / Understand color adjustments",
      month = "",
      year = "",
      howpublished = "\url{https://helpx.adobe.com/photoshop/using/color-adjustments.html}"
},
@misc{website:brightness,
      key = "Photoshop Brightness Adjustment",
      author = "",
      title = "Photoshop Help / Apply a Brightness/Contrast adjustment",
      month = "",
      year = "",
      howpublished = "\url{https://helpx.adobe.com/photoshop/using/apply-brightness-contrast-adjustment.html}"
},
@misc{website:exposure,
      key = "Skimage Exposure Library",
      author = "",
      title = "Image processing in Python using Skimage Exposure",
      month = "",
      year = "",
      howpublished = "\url{http://scikit-image.org/docs/dev/api/skimage.exposure.html}"
}
